@article{knuth84,
  author = {Knuth, Donald E.},
  title = {Literate Programming},
  year = {1984},
  issue_date = {May 1984},
  publisher = {Oxford University Press, Inc.},
  address = {USA},
  volume = {27},
  number = {2},
  issn = {0010-4620},
  url = {https://doi.org/10.1093/comjnl/27.2.97},
  doi = {10.1093/comjnl/27.2.97},
  journal = {Comput. J.},
  month = may,
  pages = {97â€“111},
  numpages = {15}
}



@book{kapatsinskiChangingMindsChanging2018,
	title = {Changing minds changing tools: From learning theory to language acquisition to language change},
	author = {Kapatsinski, Vsevolod},
	year = {2018},
	date = {2018},
	publisher = {MIT Press},
	url = {https://books.google.com/books?hl=en&lr=&id=YZxjDwAAQBAJ&oi=fnd&pg=PR5&dq=kapatsinski+changing+minds&ots=9bGhgkCaY0&sig=MHfWF9cbhbtMmx33a0FYSM6AMAs}
}

@article{berkoChildsLearningEnglish1958,
	title = {The Child's Learning of English Morphology},
	author = {Berko, Jean},
	year = {1958},
	month = {08},
	date = {1958-08},
	journal = {{\emph{WORD}}},
	pages = {150--177},
	volume = {14},
	number = {2-3},
	doi = {10.1080/00437956.1958.11659661},
	url = {http://www.tandfonline.com/doi/full/10.1080/00437956.1958.11659661},
	langid = {en}
}

@article{stembergerAreInflectedForms2004,
	title = {Are inflected forms stored in the lexicon},
	author = {Stemberger, Joseph P. and MacWhinney, Brian},
	year = {2004},
	date = {2004},
	journal = {Morphology: Critical concepts in linguistics},
	pages = {107{\textendash}122},
	volume = {6},
	url = {https://books.google.com/books?hl=en&lr=&id=bGl0aKBld3cC&oi=fnd&pg=PA107&dq=stemberger+2004+inflected&ots=RdvzVaC_NS&sig=0DJV8gUVaoZv_COZqcLXOu5_evU}
}

@article{stembergerFrequencyLexicalStorage1986,
	title = {Frequency and the lexical storage of regularly inflected forms},
	author = {Stemberger, Joseph Paul and MacWhinney, Brian},
	year = {1986},
	month = {01},
	date = {1986-01},
	journal = {Memory & Cognition},
	pages = {17--26},
	volume = {14},
	number = {1},
	doi = {10.3758/BF03209225},
	url = {http://link.springer.com/10.3758/BF03209225},
	langid = {en}
}

@article{morganAbstractKnowledgeDirect2016,
	title = {Abstract knowledge versus direct experience in processing of binomial expressions},
	author = {Morgan, Emily and Levy, Roger},
	year = {2016},
	date = {2016},
	journal = {Cognition},
	pages = {384--402},
	volume = {157},
	doi = {10.1016/j.cognition.2016.09.011},
	url = {http://dx.doi.org/10.1016/j.cognition.2016.09.011},
	note = {PMID: 27776281
Publisher: The Authors}
}

@article{morganModelingIdiosyncraticPreferences2015,
	title = {Modeling idiosyncratic preferences : How generative knowledge and expression frequency jointly determine language structure},
	author = {Morgan, Emily and Levy, Roger},
	year = {2015},
	date = {2015},
	pages = {1649--1654}
}
