
@article{bybee2002,
	title = {Word frequency and context of use in the lexical diffusion of phonetically conditioned sound change},
	author = {Bybee, Joan},
	year = {2002},
	date = {2002},
	journal = {Language Variation and Change},
	pages = {261--290},
	volume = {14},
	number = {3},
	doi = {10.1017/S0954394502143018}
}

@article{goldberg2003,
	title = {Constructions: A new theoretical approach to language},
	author = {Goldberg, Adele E.},
	year = {2003},
	date = {2003},
	journal = {Trends in Cognitive Sciences},
	pages = {219--224},
	volume = {7},
	number = {5},
	doi = {10.1016/S1364-6613(03)00080-9},
	note = {PMID: 12757824}
}

@book{nooteboom2002,
	title = {Storage and computation in the language faculty},
	author = {Nooteboom, Sieb and Nooteboom, SG and Weerman, Fred and Wijnen, FNK},
	year = {2002},
	date = {2002},
	publisher = {Springer Science \& Business Media},
}

@article{wang2003,
	title = {Discovering the Capacity of Human Memory},
	author = {Wang, Yingxu and Liu, Dong and Wang, Ying},
	year = {2003},
	month = {08},
	date = {2003-08-01},
	journal = {Brain and Mind},
	pages = {189--198},
	volume = {4},
	number = {2},
	doi = {10.1023/A:1025405628479},
	url = {https://doi.org/10.1023/A:1025405628479},
	langid = {en}
}

@article{mollica2019,
	title = {Humans store about 1.5 megabytes of information during language acquisition},
	author = {Mollica, Francis and Piantadosi, Steven T.},
	year = {2019},
	month = {03},
	date = {2019-03-27},
	journal = {Royal Society Open Science},
	pages = {181393},
	volume = {6},
	number = {3},
	doi = {10.1098/rsos.181393},
	note = {Publisher: Royal Society}
}

@book{bybee2003,
	title = {Phonology and language use},
	author = {Bybee, Joan},
	year = {2003},
	date = {2003},
	publisher = {Cambridge University Press},
	volume = {94},
}

@article{albright2003,
	title = {Rules vs. analogy in English past tenses: A computational/experimental study},
	author = {Albright, Adam and Hayes, Bruce},
	year = {2003},
	date = {2003},
	journal = {Cognition},
	pages = {119--161},
	volume = {90},
	number = {2},
	doi = {10.1016/S0010-0277(03)00146-X},
	note = {PMID: 14599751}
}

@book{kapatsinski2018,
	title = {Changing minds changing tools: From learning theory to language acquisition to language change},
	author = {Kapatsinski, Vsevolod},
	year = {2018},
	date = {2018},
	publisher = {MIT Press},
}

@article{kapatsinski2009,
	title = {Frequency and the emergence of prefabs: Evidence from monitoring},
	author = {Kapatsinski, Vsevolod and Radicke, Joshua},
	year = {2009},
	date = {2009},
	pages = {499},
	number = {January 2009},
	doi = {10.1075/tsl.83.14kap}
}

@article{hay2001,
	title = {Lexical frequency in morphology: Is everything relative?},
	author = {Hay, Jennifer},
	year = {2001},
	date = {2001},
	journal = {Linguistics},
	pages = {1041--1070},
	volume = {39},
	number = {376},
	doi = {10.1515/ling.2001.041}
}

@article{olejarczuk2018,
	title = {Distributional learning is error-driven: The role of surprise in the acquisition of phonetic categories},
	author = {Olejarczuk, Paul and Kapatsinski, Vsevolod and Baayen, R. Harald},
	year = {2018},
	date = {2018},
	journal = {Linguistics Vanguard},
	pages = {1--9},
	volume = {4},
	number = {s2},
	doi = {10.1515/lingvan-2017-0020}
}

@article{lee2015,
	title = {Frequency Effects in Morphologisation of Korean /n/-Epenthesis},
	author = {Lee, Ogyoung and Kapatsinski, Vsevolod},
	year = {2015},
	date = {2015},
	pages = {1--23}
}

@article{arnon2010,
	title = {More than words: Frequency effects for multi-word phrases},
	author = {Arnon, Inbal and Snider, Neal},
	year = {2010},
	date = {2010},
	journal = {Journal of Memory and Language},
	pages = {67--82},
	volume = {62},
	number = {1},
	doi = {10.1016/j.jml.2009.09.005},
	url = {http://dx.doi.org/10.1016/j.jml.2009.09.005},
	note = {Publisher: Elsevier Inc.}
}


@article{stemberger2004,
	title = {Are inflected forms stored in the lexicon},
	author = {Stemberger, Joseph P and MacWhinney, Brian},
	year = {2004},
	journal = {Morphology: Critical concepts in linguistics},
	pages = {107{\textendash}122},
	volume = {6},
}

@article{baayen2011,
	title = {An Amorphous Model for Morphological Processing in Visual Comprehension Based on Naive Discriminative Learning},
	author = {Baayen, R. Harald and Milin, Petar and {revi{\'{c}}}, {Dusica Filipovi{\'{c}}} and Hendrix, Peter and Marelli, Marco},
	year = {2011},
	date = {2011},
	journal = {Psychological Review},
	pages = {438--481},
	volume = {118},
	number = {3},
	doi = {10.1037/a0023851},
	note = {PMID: 21744979}
}

@article{morgan2016,
	title = {Frequency-dependent regularization in iterated learning},
	author = {Morgan, Emily and Levy, Roger},
	year = {2016},
	date = {2016},
	journal = {The Evolution of Language: Proceedings of the 11th International Conference (EVOLANGX11)},
	number = {2015}
}

@book{tomasello2005,
	title = {Constructing a language: A usage-based theory of language acquisition},
	author = {Tomasello, Michael},
	year = {2005},
	date = {2005},
	publisher = {Harvard university press},
}

@article{langacker1987,
	title = {Foundations of cognitive grammar: Volume II: Descriptive application},
	author = {Langacker, Ronald W.},
	year = {1987},
	date = {1987},
	note = {Publisher: Stanford university press}
}

@article{bybee1999,
	title = {The effect of usage on degrees of constituency: the reduction of don't in English},
	author = {Bybee, Joan and Scheibman, Joanne},
	year = {1999},
	month = {01},
	date = {1999-01-01},
	journal = {Linguistics},
	volume = {37},
	number = {4},
	doi = {10.1515/ling.37.4.575},
}

@article{christiansen2017,
	title = {More Than Words: The Role of Multiword Sequences in Language Learning and Use},
	author = {Christiansen, Morten H. and Arnon, Inbal},
	year = {2017},
	date = {2017},
	journal = {Topics in Cognitive Science},
	pages = {542--551},
	volume = {9},
	number = {3},
	doi = {10.1111/tops.12274},
	note = {PMID: 28503906}
}

@article{zwitserlood2018,
	title = {Processing and Representation of Morphological Complexity in Native Language Comprehension and Production},
	author = {Zwitserlood, Pienie},
	journal = {The construction of words: Advances in construction morphology},
	year = {2018},
	date = {2018},
	pulisher = {Springer},
	pages = {583--602},
	doi = {10.1007/978-3-319-74394-3_20},
	note = {ISBN: 9783319743943}
}

@article{yi2002,
	title = {Ŭmun hyŏnsanggwa pindo hyogwa [the effects of frequency and phonology]},
	author = {Yi, Bong-Won},
	year = {2002},
	date = {2002},
	journal = {Han'gugŏhak},
	volume={15},
	pages={161--183}
}

@article{siyanova-chanturia2011,
	title = {Seeing a Phrase {``}Time and Again{"} Matters: The Role of Phrasal Frequency in the Processing of Multiword Sequences},
	author = {Siyanova-Chanturia, Anna and Conklin, Kathy and van Heuven, Walter J.B.},
	year = {2011},
	date = {2011},
	journal = {Journal of Experimental Psychology: Learning Memory and Cognition},
	pages = {776--784},
	volume = {37},
	number = {3},
	doi = {10.1037/a0022531},
	note = {PMID: 21355667
ISBN: 0302006001}
}

@article{siegelman2015,
	title = {The advantage of starting big: Learning from unsegmented input facilitates mastery of grammatical gender in an artificial language},
	author = {Siegelman, Noam and Arnon, Inbal},
	year = {2015},
	date = {2015},
	journal = {Journal of Memory and Language},
	pages = {60--75},
	volume = {85},
	doi = {10.1016/j.jml.2015.07.003},
	url = {http://dx.doi.org/10.1016/j.jml.2015.07.003},
	note = {Publisher: Elsevier Inc.}
}

@inproceedings{maye2000,
	title = {Learning phonemes without minimal pairs},
	author = {Maye, Jessica and Gerken, LouAnn},
	year = {2000},
	date = {2000},
	pages = {522{\textendash}533},
	volume = {2},
}

@article{ramscar2013,
	title = {Children Value Informativity Over Logic in Word Learning},
	author = {Ramscar, Michael and Dye, Melody and Klein, Joseph},
	year = {2013},
	date = {2013},
	journal = {Psychological Science},
	pages = {1017--1023},
	volume = {24},
	number = {6},
	doi = {10.1177/0956797612460691}
}

@article{bybee2001,
	title = {Introduction to frequency and the emergence of linguistic structure},
	author = {Bybee, Joan and Hopper, Paul},
	year = {2001},
	date = {2001},
	journal = {Typological Studies in Language},
	pages = {1{\textendash}26},
	volume = {45},
}

@article{hooper1976,
	title = {Word frequency in lexical diffusion and the source of morphophonological change},
	author = {Hooper, Joan B.},
	year = {1976},
	date = {1976},
	journal = {Current progress in historical linguistics},
	pages = {105},
	volume = {96}
}

@article{saffran1996,
	title = {Statistical Learning by 8-Month-Old Infants},
	author = {Saffran, Jenny R. and Aslin, Richard N. and Newport, Elissa L.},
	year = {1996},
	month = {12},
	date = {1996-12-13},
	journal = {Science},
	pages = {1926--1928},
	volume = {274},
	number = {5294},
	doi = {10.1126/science.274.5294.1926},
	url = {https://www.science.org/doi/10.1126/science.274.5294.1926},
	langid = {en}
}

@article{healy1976,
	title = {Detection errors on the word the: evidence for reading units larger than letters.},
	author = {Healy, Alice F.},
	year = {1976},
	date = {1976},
	journal = {Journal of Experimental Psychology: Human Perception and Performance},
	pages = {235},
	volume = {2},
	number = {2},
	url = {https://psycnet.apa.org/journals/xhp/2/2/235/},
	note = {Publisher: American Psychological Association}
}

@article{healy1994,
	title = {Letter detection: A window to unitization and other cognitive processes in reading text},
	author = {Healy, Alice F.},
	year = {1994},
	month = {09},
	date = {1994-09},
	journal = {Psychonomic Bulletin \& Review},
	pages = {333--344},
	volume = {1},
	number = {3},
	doi = {10.3758/BF03213975},
	url = {http://link.springer.com/10.3758/BF03213975},
	langid = {en}
}

@article{minkoff2000,
	title = {Letter-Detection Errors in the Word The: Word Frequency Versus Syntactic Structure},
	author = {Minkoff, Scott R. B. and Raney, Gary E.},
	year = {2000},
	month = {01},
	date = {2000-01},
	journal = {Scientific Studies of Reading},
	pages = {55--76},
	volume = {4},
	number = {1},
	doi = {10.1207/S1532799XSSR0401_5},
	langid = {en}
}

@article{mgcv,
	title = {Fast stable restricted maximum likelihood and marginal 
likelihood estimation of semiparametric generalized linear models},
	author = {Wood, S. N.},
	year = {2011},
	date = {2011},
	pages = {3--36},
	volume = {73}
}

@Manual{Rpackage,
    title = {R: A Language and Environment for Statistical Computing},
    author = {{R Core Team}},
    organization = {R Foundation for Statistical Computing},
    address = {Vienna, Austria},
    year = {2023},
    url = {https://www.R-project.org/},
  }

@Article{brms,
    title = {{brms}: An {R} Package for {Bayesian} Multilevel Models
      Using {Stan}},
    author = {Paul-Christian Bürkner},
    journal = {Journal of Statistical Software},
    year = {2017},
    volume = {80},
    number = {1},
    pages = {1--28},
    doi = {10.18637/jss.v080.i01},
    encoding = {UTF-8},
  }
@book{boutonLearning2007,
	title = {Learning and behavior: A contemporary synthesis.},
	author = {Bouton, Mark E.},
	year = {2007},
	date = {2007},
	publisher = {Sinauer Associates},
	url = {https://psycnet.apa.org/record/2006-21409-000}
}

@article{xuWordLearningBayesian2007,
	title = {Word learning as Bayesian inference.},
	author = {Xu, Fei and Tenenbaum, Joshua B.},
	year = {2007},
	date = {2007},
	journal = {Psychological review},
	pages = {245},
	volume = {114},
	number = {2},
	url = {https://psycnet.apa.org/record/2007-05396-002},
	note = {Publisher: American Psychological Association}
}

@article{harmonPuttingOldTools2017,
	title = {Putting old tools to novel uses: The role of form accessibility in semantic extension},
	author = {Harmon, Zara and Kapatsinski, Vsevolod},
	year = {2017},
	date = {2017},
	journal = {Cognitive Psychology},
	pages = {22--44},
	volume = {98},
	doi = {10.1016/j.cogpsych.2017.08.002},
	url = {http://dx.doi.org/10.1016/j.cogpsych.2017.08.002},
	note = {PMID: 28830015
Publisher: Elsevier Inc.}
}

@article{ashbyNeurobiologicalTheoryAutomaticity2007,
	title = {A neurobiological theory of automaticity in perceptual categorization.},
	author = {Ashby, F. Gregory and Ennis, John M. and Spiering, Brian J.},
	year = {2007},
	date = {2007},
	journal = {Psychological review},
	pages = {632},
	volume = {114},
	number = {3},
	url = {https://psycnet.apa.org/journals/rev/114/3/632/},
	note = {Publisher: American Psychological Association}
}


houghtonPerceptualConsequencesPauses  title={Perceptual consequences of pauses: Credibility and fluency of native and non-native speech},
  author={Houghton, Zachary N and Kato, Misaki and Baese-Berk, Melissa M and Vaughn, Charlotte},
  journal={The Journal of the Acoustical Society of America},
  volume={148},
  number={4},
  pages={2762--2762},
  year={2020},
  publisher={Acoustical Society of America}
}

@article{levyProcessingExtraposedStructures2012,
	title = {The processing of extraposed structures in English},
	author = {Levy, Roger and Fedorenko, Evelina and Breen, Mara and Gibson, Edward},
	year = {2012},
	month = {01},
	date = {2012-01-01},
	journal = {Cognition},
	pages = {12--36},
	volume = {122},
	number = {1},
	doi = {10.1016/j.cognition.2011.07.012},
	url = {https://www.sciencedirect.com/science/article/pii/S0010027711002010}
}

@article{houghtonTaskdependentConsequencesDisfluency2023,
	title = {Task-dependent consequences of disfluency in perception of native and non-native speech},
	author = {Houghton, Zachary and Kato, Misaki and Baese-Berk, Melissa and Vaughn, Charlotte},
	year = {2023},
	month = {12},
	date = {2024},
	journal = {Applied Psycholinguistics},
	pages = {1--17},
	doi = {10.1017/S0142716423000486},
	url = {https://www.cambridge.org/core/journals/applied-psycholinguistics/article/taskdependent-consequences-of-disfluency-in-perception-of-native-and-nonnative-speech/24E2657CBFAEAE3A2BC7A2493983732F},
	note = {Publisher: Cambridge University Press},
	langid = {en}
}

@article{hochreiter1997long,
  title={Long short-term memory},
  author={Hochreiter, Sepp and Schmidhuber, J{\"u}rgen},
  journal={Neural computation},
  volume={9},
  number={8},
  pages={1735--1780},
  year={1997},
  publisher={MIT press}
}
@article{hochreiterLSTM1997,
	title = {Long short-term memory},
	author = {Hochreiter, Sepp and Schmidhuber, {Jürgen}},
	year = {1997},
	date = {1997},
	journal = {Neural computation},
	pages = {1735{\textendash}1780},
	volume = {9},
	number = {8},
	url = {https://ieeexplore.ieee.org/abstract/document/6795963/},
	note = {Publisher: MIT press}
}

@article{vaswaniAttentionAllYou2017,
	title = {Attention is all you need},
	author = {Vaswani, Ashish and Shazeer, Noam and Parmar, Niki and Uszkoreit, Jakob and Jones, Llion and Gomez, Aidan N. and Kaiser, {\Lukasz} and Polosukhin, Illia},
	year = {2017},
	date = {2017},
	journal = {Advances in neural information processing systems},
	volume = {30},
	url = {https://proceedings.neurips.cc/paper/7181-attention-is-all}
}

@article{kapatsinskiHierarchicalInferenceSound2021,
	title = {Hierarchical Inference in Sound Change: Words, Sounds, and Frequency of Use},
	author = {Kapatsinski, Vsevolod},
	year = {2021},
	date = {2021},
	journal = {Frontiers in Psychology},
	volume = {12},
	number = {August},
	doi = {10.3389/fpsyg.2021.652664}
}

@article{ashby2007,
	title = {A neurobiological theory of automaticity in perceptual categorization.},
	author = {Ashby, F. Gregory and Ennis, John M. and Spiering, Brian J.},
	year = {2007},
	date = {2007},
	journal = {Psychological review},
	pages = {632},
	volume = {114},
	number = {3},
	url = {https://psycnet.apa.org/journals/rev/114/3/632/},
	note = {Publisher: American Psychological Association}
}

@inproceedings{linSyntacticAnnotationsGoogle2012,
	title = {Syntactic annotations for the google books ngram corpus},
	author = {Lin, Yuri and Michel, Jean-Baptiste and Lieberman, Erez Aiden and Orwant, Jon and Brockman, Will and Petrov, Slav},
	year = {2012},
	date = {2012},
	pages = {169{\textendash}174},
	url = {https://aclanthology.org/P12-3029.pdf}
}

@techreport{chomskyAspectsTheorySyntax1965,
	title = {Aspects of the theory of syntax Special technical report no. 11},
	author = {Chomsky, Noam},
	year = {1965},
	date = {1965},
	url = {https://ntrs.nasa.gov/api/citations/19670002070/downloads/19670002070.pdf}
}

@article{stembergerAreInflectedForms2004,
	title = {Are inflected forms stored in the lexicon},
	author = {Stemberger, Joseph P. and MacWhinney, Brian},
	year = {2004},
	date = {2004},
	journal = {Morphology: Critical concepts in linguistics},
	pages = {107{\textendash}122},
	volume = {6},
	url = {https://books.google.com/books?hl=en&lr=&id=bGl0aKBld3cC&oi=fnd&pg=PA107&dq=stemberger+2004+inflected&ots=RdvzVaC_NS&sig=0DJV8gUVaoZv_COZqcLXOu5_evU}
}

@inbook{baayenDutchInflectionRules2002,
	title = {Dutch Inflection: The Rules that Prove the Exception},
	author = {Baayen, Harald and Schreuder, Robert and De Jong, Nivja and Krott, Andrea},
	editor = {Nooteboom, Sieb and Weerman, Fred and Wijnen, Frank},
	year = {2002},
	date = {2002},
	publisher = {Springer Netherlands},
	pages = {61--92},
	volume = {30},
	url = {http://link.springer.com/10.1007/978-94-010-0355-1_3},
	note = {Series Title: Studies in Theoretical Psycholinguistics
DOI: 10.1007/978-94-010-0355-1{\_}3},
	address = {Dordrecht}
}

@article{ambridgeStoredAbstractionsRadical2020,
	title = {Against stored abstractions: A radical exemplar model of language acquisition},
	author = {Ambridge, Ben},
	year = {2020},
	date = {2020},
	journal = {First Language},
	pages = {509--559},
	volume = {40},
	number = {5-6},
	doi = {10.1177/0142723719869731}
}

@article{ambridgeAbstractionsMadeExemplars2020,
	title = {Abstractions made of exemplars or {\textquoteleft}You{\textquoteright}re all right, and I{\textquoteright}ve changed my mind{\textquoteright}: Response to commentators},
	author = {Ambridge, Ben},
	year = {2020},
	date = {2020},
	journal = {First Language},
	pages = {640--659},
	volume = {40},
	number = {5-6},
	doi = {10.1177/0142723720949723}
}

@inproceedings{houghton2023does,
  title={Does Predictability Drive the Holistic Storage of Compound Nouns?},
  author={Houghton, Zachary Nicholas and Morgan, Emily},
  booktitle={Proceedings of the Annual Meeting of the Cognitive Science Society},
  volume={45},
  number={45},
  year={2023}
}

@article{stembergerFrequencyLexicalStorage1986,
	title = {Frequency and the lexical storage of regularly inflected forms},
	author = {Stemberger, Joseph Paul and MacWhinney, Brian},
	year = {1986},
	month = {01},
	date = {1986-01},
	journal = {Memory \& Cognition},
	pages = {17--26},
	volume = {14},
	number = {1},
	doi = {10.3758/BF03209225},
	url = {http://link.springer.com/10.3758/BF03209225},
	langid = {en}
}

